@comment{$Id: clam.bib,v 1.7 1999/03/31 11:08:50 img Exp $}
@comment{Bibliography file for Press Project}
@string(AAAI="American Association for Artificial Intelligence")
@string(AAAIM="The AI Magazine")
@string(ACM="Association for Computing Machinery")
@string(ACMTOPLAS="Journal of Transactions on Programming Languages and Systems")
@string(AI="Artificial Intelligence")
@string(AIAI="Artificial Intelligence Applications Institute, Edinburgh")
@string(AISB="Society for the Study of
Artificial Intelligence and Simulation of Behaviour")
@string(ASE="Automated Software Engineering")
@string(CACM="Communications of the Association for Computing Machinery")
@string(CADE5="5th International Conference on Automated Deduction")
@string(CADE6="6th International Conference on Automated Deduction")
@string(CADE8="8th International Conference on Automated Deduction")
@string(CADE9="9th International Conference on Automated Deduction")
@string(CADE11="11th International Conference on Automated Deduction")
@string(CADE12="12th International Conference on Automated Deduction")
@string(CADE13="13th International Conference on Automated Deduction")
@string(CADE14="14th International Conference on Automated Deduction")
@string(CADE15="15th International Conference on Automated Deduction")
@string(CADE16="16th International Conference on Automated Deduction")
@string(CMU="Carnegie-Mellon University")
@string(CUP="Cambridge University Press")
@string(DAI="Dept.\ of Artificial Intelligence, University of Edinburgh")
@string(HCRC="Human Communication Research Centre, University of Edinburgh")
@string(ECAI="European Conference on Artificial Intelligence")
@string(EUP="Edinburgh University Press")
@string(IJCAI="International Joint Conference on Artificial Intelligence")
@string(IRIA="Institut de Recherche d'Informatique et d'Automatique")
@string(JACM="Journal of the Association for Computing Machinery")
@string(JAR="Journal of Automated Reasoning")
@string(JCSS="Journal of Computer and System Sciences")
@string(JLC="Journal of Logic and Computation")
@string(JLP="Journal of Logic Programming")
@string(JSL="Journal of Symbolic Logic")
@string(JSC="Journal of Symbolic Computation")
@string(LFCS="Laboratory for Foundations of Computer Science, University of Edinburgh")
@string(LNAI="Lecture Notes in Artificial Intelligence")
@string(LNCS="Lecture Notes in Computer Science")
@string(JAIR="Journal of Artificial Intelligence Research")
@string(MIT="The MIT Press")
@string(OUP="Oxford University Press")
@string(SPE="Software - Practice and Experience")
@string(TCS="Journal of Theoretical Computer Science")
@string(TODS="ACM Transactions on Database Systems")
@STRING(MITLCS = "Laboratory for Computer Science, MIT, USA")


@phdthesis(Steinbach94,
	author = {Steinbach, Joachim},
	title = {Termination of rewriting},
	year = {1994},
	month = {Janurary},
school = {Fachbereich Informatik, Universit\"at Kaiserslautern, Germany})

@mastersthesis(Forgaard84,
	author = {Forgaard, Randy},
  title = {A program for generating and analyzing term rewriting systems},
	year = {1984},
	month = {September},
	school = MITLCS,
	number = {MIT/LCS/TR-343}).

@inproceedings(aubin,
   key = "Aubin",
   author = "Aubin, R.",
   title = "Some generalization heuristics in proofs by induction",
   booktitle = "Actes du Colloque Construction: Amelioration et verification
de Programmes",
   organization = "Institut de recherche d'informatique et d'automatique",
   editors = "Huet, G. and Kahn, G.",
   year = 1975)

@article(fold-unfold,
   key = "Burstall \& Darlington",
   author = "Burstall, R.M. and Darlington, J.",
   title = "A transformation system for developing recursive programs",
   journal = JACM,
   year = 1977,
   volume = 24,
   number = 1,
   pages = "44-67")

@inproceedings(isabelle2,
   key = "Paulson",
   author = "Paulson, L.",
   title = "Experience with {Isabelle}: A Generic Theorem Prover",
   organization = "Institute of Cybernetics of the Estonian SSR",
   booktitle = "COLOG 88",
   year = 1988)

@Techreport(wp214
, Key = "Horn"
, Author = "Horn,C."
, Title = "The {Nurprl} Proof Development System"
, Institution = DAI
, Type = "Working paper"
, Number = 214
, Note = "The Edinburgh version of Nurprl has been renamed Oyster."
, Year = 1988)

@techreport(tp4
 ,key = "{van Harmelen}"
 ,author = "{van Harmelen}, F."
 ,title = "The {CLAM} Proof Planner, User Manual and Programmer Manual"
 ,institution = DAI
 ,year = "1989"
 ,number = "TP-4"
 ,type = "Technical Paper")

@inproceedings(pub459,
   key = "Bundy @i<et al>",
   author = "Bundy, A. and van Harmelen, F. and Smaill, A. and Ireland, A.",
   title = "Extensions to the Rippling-Out Tactic for Guiding Inductive Proofs",
   booktitle = "10th International Conference on Automated Deduction",
   publisher = "Springer-Verlag",
   editor = "Stickel, M.E.",
   pages = "132-146",
   year = 1990,
   note = "Lecture Notes in Artificial Intelligence No. 449. Also available from Edinburgh as DAI Research Paper 459.")

@article(pub567,
   key = "Bundy @i<et al>",
   author = "Bundy, A. and Stevens, A. and van Harmelen, F. and Ireland, A. and  Smaill, A.",
   title = "Rippling: A Heuristic for Guiding Inductive Proofs",
   journal = AI,
   volume = 62,
   pages = "185-253",
   year = 1993,
   note = "Also available from Edinburgh as DAI Research Paper No. 567.")

@inproceedings(pub336,
   key = "Bundy",
   author = "Bundy, A.",
   title = "How to improve the reliability of expert systems",
   organization = "British Computer Society Specialist Group on Expert 
		   Systems",
   booktitle = "Research and Development in Expert Systems IV",
   editor = "Moralee, S.",
   pages = "3-17",
   publisher = "C.U.P.",
   year = "1987",
   note = "Also available from Edinburgh as Research Paper No. 336.")

@inproceedings(pub220,
   key = "Silver",
   author = "Silver, B.",
   title = "Precondition Analysis: Learning Control Information",
   editors = "Michalski, R.S. and Carbonell, J.G. and Mitchell, T.M.",
   booktitle = "Machine Learning 2",
   publisher = "Tioga Publishing Company",
   year = 1984)

@inproceedings{pub321
 ,author = "Desimone, R.V."
 ,title = "Learning Control Knowledge within an 
	Explanation-Based Learning Framework"
 ,booktitle = "Progress in Machine Learning -- Proceedings of 2nd 
	European Working Session on Learning, 
	EWSL-87, Bled, Yugoslavia"
 ,publisher = "Sigma Press"
 ,year = "1987"
 ,editor = "Bratko, I. and Lavra\v{c}, N."
 ,month = "May"
 ,note = "Also available from Edinburgh as Research Paper 321"}

@article(pub121,
   author = "Bundy, A. and Welham, B.",
   key = "Bundy \& Welham",
   title = "Using meta-level inference for selective application of
multiple rewrite rules in algebraic manipulation",
   journal = "Artificial Intelligence",
   year = 1981,
   pages = "189-212",
   volume = 16,
   number = 2,
   note = "Also available from Edinburgh as Research Paper 121")

@mastersthesis(negrete-msc,
   key = "Negrete",
   author = "Negrete, S.",
   title = "Proof Plans with Hints",
   school = DAI,
   year = 1991)

@techreport(tp8,
   key = "Negrete",
   author = "Negrete, S.",
   title = "{H}int {M}echanism for {C}lam",
   institution = DAI,
   year = 1992,
   number =  "8",
   type = "Technical Paper",
   month = "March")

@Book(nuprl-book,
	Author="Constable, R.L. and  Allen, S.F. and Bromley,H.M. and others",
	Key="Constable @i<et. al.>",
	Title="Implementing Mathematics with the {Nuprl} Proof Development System",
	Publisher="Prentice Hall",
	Year="1986")

@InProceedings(martin-lof79,
	Author="Martin-L{\"o}f, Per",
	Key="{Martin-L{\"o}f}",
	Title="Constructive Mathematics and Computer Programming",
	BookTitle="6th International Congress for Logic, Methodology and Philosophy of Science",
	Address="Hannover",
	Pages="153-175",
	Month="August",
	Year="1979",
	Note="Published by North Holland, Amsterdam. 1982.")

@book(boyerbook,
   key = "Boyer \& Moore",
   author = "Boyer, R.S. and Moore, J.S.",
   title = "A Computational Logic",
   publisher = "Academic Press",
   year = 1979,
   note = "ACM monograph series")

@inproceedings(pub349,
   key = "Bundy",
   author = "Bundy, A.",
   title = "The Use of Explicit Plans to Guide Inductive Proofs",
   organization = "Springer-Verlag",
   booktitle = CADE9,
   editors = "Luck, R. and Overbeek, R.",
   pages = "111-120",
   note = "Longer version available as DAI Research Paper No. 349",
   year = "1988")

@techreport(rp4nn,
   key = "Bundy @i<et al>",
   author = "Bundy, A. and {van Harmelen}, F. and Smaill, A.",
   title = "Extensions to the Rippling-Out Tactic for Guiding
            Inductive Proofs",
   institution = DAI,
   type = "Research Paper",
   number = "4nn",
   year = 1989,
   note = "Submitted to CADE10.")
   
@techreport(oyster-clam,
   key = "Bundy @i<et al>",
   author = "Bundy, A. and {van Harmelen} F. and Horn, C. and Smaill, A.",
   title = "The {Oyster-Clam} system",
   institution = DAI,
   type = "Research Paper",
   number = "forthcoming",
   year = 1989,
   note = "Submitted to CADE-10")

@article(pub413,
   key = "Bundy",
   author = "Bundy, A. and {van Harmelen}, F. and Hesketh, J. and Smaill, A.",
   title = "Experiments with Proof Plans for Induction",
   journal = JAR,
   volume = 7,
   pages = "303-324",
   year = 1991,
   note = "Earlier version  available from Edinburgh as DAI Research Paper No 413.")

@inproceedings(pub419,
   key = "Bundy @i<et al>",
   author = "Bundy, A. and {van Harmelen}, F. and Hesketh, J. and Smaill, A. and Stevens, A.",
   title = "A rational reconstruction and extension of recursion analysis",
   publisher = "Morgan Kaufmann",
   booktitle = "Proceedings of the Eleventh International Joint Conference on Artificial Intelligence",
   year = 1989,
   editor = "Sridharan, N.S.",
   pages = "359-365",
   note = "Available from Edinburgh as Research Paper 419.") 

@inproceedings(pub360,
	key = "Stevens",
	author = "Stevens, A.",
	title = "A Rational Reconstruction of {Boyer and Moore's} Technique
for Constructing Induction Formulas",
	booktitle = "The Proceedings of ECAI-88",
	organization = ECAI,
	pages = "565-570",
	editor = "Kodratoff, Y.",
	year = 1988,
	note = "Also available as DAI Research Paper No. 360")

@inproceedings(kanamori,
   key = "Kanamori \& Fujita",
   author = "Kanamori, T. and Fujita, H.",
   title = "Formulation of Induction Formulas in Verification of {Prolog}
Programs",
   publisher = "Springer-Verlag",
   booktitle = CADE8,
   editors = "Joerg Siekmann",
   pages = "281-299",
   note = "Springer Lecture Notes in Computer Science No. 230",
   year = 1986)

@book(lcf,
   key = "Gordon @i<et. al.>",
   author = "Gordon, M.J. and Milner, A.J. and Wadsworth, C.P.",
   title = "Edinburgh {LCF} - A mechanised logic of computation",
   publisher = "Springer Verlag",
   year = "1979",
   series = "Lecture Notes in Computer Science",
   volume = "78")

@inproceedings(knoblock,
   key = "Knoblock \& Constable",
   author = "Knoblock, T. B. and Constable, R.L.",
   title = "Formalized Metareasoning in Type Theory",
   organization = "IEEE",
   booktitle = "Proceedings of LICS",
   pages = "237-248",
   year = 1986)

@incollection(gallaire,
   key = "Gallaire \& Lasserre",
   author = "Gallaire, H. and Lasserre, C.",
   title = "Metalevel Control for Logic Programs",
   publisher = "Academic Press",
   year = 1982,
   editors = "Clark, K.L. and Tarnlund, S.-A.",
   booktitle = "Logic Programming",
   pages = "173-185")

@book(silverphdbook,
   key = "Silver",
   author = "Silver, B.",
   title = "Meta-level inference: Representing and Learning Control
            Information in Artificial Intelligence",
   publisher = "North Holland",
   year = 1985,
   note = "Revised version of the author's PhD thesis, DAI 1984")
	
@article(pub273,
   key = "Bundy \& Sterling",
   author = "Bundy, A. and Sterling, L.S.",
   title = "Meta-level inference: two applications",
   journal = "Journal of Automated Reasoning",
   year = "1988",
   volume = 4,
   number = 1,
   pages = "15-27",
   note = "Also available from Edinburgh, Dept. of AI, as Research Paper No. 273.")

@article(abstrips,
   key = "Sacerdoti",
   author = "Sacerdoti, E.D.",
   title = "Planning in a hierarchy of abstraction spaces",
   journal = "Artificial Intelligence",
   volume = 5,
   year = 1974,
   pages = "115-135")

@inproceedings{pub430,
      key = "Giunchiglia and Walsh",
      author = "F. Giunchiglia and T. Walsh",
      title = "{Abstract} {Theorem} {Proving}",
      booktitle = "Proceedings of  IJCAI 89",
      note = "Also available from Edinburgh as Research Paper No 430, Dept. of Artificial Intelligence, Edinburgh",
      organization = IJCAI,
      year = 1989}

@incollection(pub304a,
   key = "Desimone",
   author = "Desimone, R.V.",
   title = "Explanation-Based Learning of Proof Plans",
   booktitle = "Machine and Human Learning",
   year = 1987,
   publisher = "Ellis Horwood",
   editor = "Kodratoff, Y.",
   note = "Also available as DAI Research Paper 304. Previous version in 
	proceedings of EWSL-86.")

@book(primer,
   key = "Clocksin \& Mellish",
   author = "Clocksin, W.F. and Mellish, C.S.",
   title = "Programming in {Prolog}",
   year = 1981,
   publisher = "Springer Verlag")

@book(artofprolog,
 key = "Sterling and Shapiro",
 author = "Sterling, L. and Shapiro, E.",
 title = "The Art of Prolog",
 publisher = "MIT Press",
 address = "Cambridge, Ma.",
 year = 1986
)

@techreport(quintus,
 key= "Quintus",
 author = "Quintus",
 title = "Quintus Prolog User Guide and Reference Manual, Sun and Vax Unix",
 institution = "Quintus Computer Systems, Inc.",
 number = "Release 2.2",
 year = 1988
)

@techreport(nip,
  key= "{NIP}",
  author = "Hutchings, A.M.J, et al.",
  title = "Edinburgh Prolog User's Manual",
  institution = "AI Applications Institute, University of Edinburgh",
  year = "1987",
  number = "version 1.5",
  month = "June"
)

@techreport(swi,
  key = "{SWI}",
  author = "Wielemaker, J.",
  title = "{SWI-P}rolog Reference Manual 1.6",
  institution = "Dept. of Social Science Informatics ({SWI})",
  year = "1993",
  address = "University of Amsterdam"
)

@techreport(sicstus,
   key = "{SICS}tus",
   author = "Carlsson, M. and Wid\'{e}n, J.",
   title = "{SICS}tus Prolog User's Manual",
   institution = "Swedish Institute of Computer Science {SICS}",
   year = 1988,
   month = "October",
   type = "Research Report",
   number ="{SICS R88007B}",
   note = "{ISSN} 0283-3638"
)
   
@techreport(rp419,
   key = "Bundy @i<et al>",
   author = "Bundy, A. and {van Harmelen}, F. and Hesketh, J. and Smaill, A. and Stevens, A.",
   title = "A rational reconstruction and extension of recursion analysis",
   institution = DAI,
   type = "Research Paper",
   number = 419,
   year = 1988,
   note = "To be published in the proceedings of IJCAI-89.")

@article(korf
 ,author = "Korf, Richard"
 ,title = "Depth-first iterative-deepening: An optimal admissible tree search"
 ,journal = AI
 ,year = 1985
 ,volume = "27"
 ,number = "1"
 ,pages = "97-109"
 ,note = "Reprinted as ``optimal path-finding algorithms'' in ``Search
          in Artificial Intelligence'', L. Kanal, and V. Kumar (eds.),
          Symbolic Computation Series, Springer Verlag, 1988, pp.
          223-267"
)   

@techreport(bb421,
 key= "van Harmelen",
 author = "van Harmelen, F.",
 title = "Are Proof Plans Linear? Or: what does ``linear'' mean anyway?",
 institution = "Mathematical Reasoning Group, Department of Artificial
                Intelligence, University of Edinburgh",
 type = "Blue Book Note",
 number = 421,
 year = 1988,
 note = "Blue Book notes are not distributed outside the DReaM group."
)

@techreport(bb423,
 key= "Hesketh",
 author = "Hesketh, J.",
 title = "Tutorial Guide to NurPRL Proof Development System",
 institution = "Mathematical Reasoning Group, Department of Artificial
                Intelligence, University of Edinburgh",
 type = "Blue Book Note",
 number = 423,
 year = 1988,
 note = "NurPRL is the old name of the system now know as Oyster.
         Blue Book notes are not distributed outside the DReaM group."
)

@techreport(bb530,
 key= "Bundy",
 author = "Bundy, A.",
 title = "A New Look at Symbolic Evaluation",
 institution = "Mathematical Reasoning Group, Department of Artificial
                Intelligence, University of Edinburgh",
 type = "Blue Book Note",
 number = 530,
 year = 1989,
 note = "Blue Book notes are not distributed outside the DReaM group."
)

@techreport(bb536,
 key= "Bundy",
 author = "Bundy, A.",
 title = "The Use of Neural Nets for Recursion Analysis",
 institution = "Mathematical Reasoning Group, Department of Artificial
                Intelligence, University of Edinburgh",
 type = "Blue Book Note",
 number = 536,
 year = 1989,
 note = "Blue Book notes are not distributed outside the DReaM group."
)

@techreport(nte356,
   key = "Bundy",
   author = "Bundy, A.",
   title = "The derivation of tactic specifications",
   institution = "Department of Artificial Intelligence",
   year= 1987,
   number = 356,
   month = "March",
   type = "Blue Book Note",
   note = "Blue Book notes are not distributed outside the DReaM group.") 

@techreport(bb538,
 key= "van Harmelen",
 author = "van Harmelen, F.",
 title = "Generalising weak fertilization",
 institution = "Mathematical Reasoning Group, Department of Artificial
                Intelligence, University of Edinburgh",
 type = "Blue Book Note",
 number = 538,
 year = 1989,
 note = "Blue Book notes are not distributed outside the DReaM group."
)

@techreport(bb539,
 key= "van Harmelen",
 author = "van Harmelen, F.",
 title = "ClaM should be theory free",
 institution = "Mathematical Reasoning Group, Department of Artificial
                Intelligence, University of Edinburgh",
 type = "Blue Book Note",
 number = 539,
 year = 1989,
 note = "Blue Book notes are not distributed outside the DReaM group."
)

@InProceedings{BasinWalsh94,
  author = 	 "David Basin and Toby Walsh",
  title = 	 "Termination Orders for Rippling",
  crossref =	 "CADE12",
  pages =	 "466--83"
}
@techreport(colouredrippling,
	title = {Coloured rippling: An extension of a theorem 
                 proving heuristic},
	author = {Yoshida, Tetsuya and Bundy, Alan and Green, Ian 
                  and Walsh, Toby and Basin, David},
	number = {TBA},
	year = {1994},
	institution = DAI,
	notes = {Presented at ECAI-94})

@Proceedings{CADE12,
  title = 	 CADE12,
  booktitle = 	 CADE12,
  year = 	 1994,
  editor =	 "Bundy, Alan",
  series =	 "Lecture Notes in Artificial Intelligence, Vol.~814",
  publisher =	 "Springer-Verlag",
  address =      "Nancy, France"}

@techreport(Stansifer84,
	author = {Stansifer, Ryan},
	title = {{P}resburger's article on integer arithmetic:
{R}emarks and translation},
	institution = {Department of Computer Science, Cornell University},	
	year = {1984},
	number = {TR 84-639},
	type = {Technical Report},
	www = {on line in Cornell: http://cs-tr.cs.cornell.edu/},
	month = {September})


@inproceedings(Presburger30,
          author          = "Moj{\.z}esz Presburger",
          title           = "{\"U}ber die {V}ollst{\"a}ndigkeit eines gewissen
                             {S}ystems der {A}rithmetik ganzer {Z}ahlen, in      
                             welchem die {A}ddition als einzige {O}peration
                             hervortritt",                                  
          booktitle       = "Sprawozdanie z I Kongresu metematyk{\'o}w
                             slowia{\'n}skich, Warszawa 1929",
          publisher       = "Warsaw",                                    
          year            = 1930,                                          
          pages           = "92--101, 395",                
          note            = "Annotated English version also available~\cite{Stansifer84}")

@article(Dyckhoff92,	
	author = {Dyckhoff, Roy},
	title = {Contraction-free sequent calculi for intuitionistic logic},
	journal = JSL,
	year = {1992},
	pages = {795--807},
	volume = {57})

@inproceedings(Cooper72,
   author = "Cooper, D. C.",
   title = "Theorem proving in arithmetic without multiplication",
   publisher = "Elsevier, New York",
   booktitle = "Machine Intelligence 7",
   year = 1972,
   editor = "Meltzer, B. and Michie, D.",
   pages = "91--99")

@article{BasinWalsh96,
author = "Basin, David and Toby Walsh",
title = "A calculus for and termination of rippling",
journal = JAR,
volume = 16,
number = "1--2",
pages = "147--180",
year = 1996
}
@inproceedings{pub799,
  author = 	 "Smaill, Alan and Green, Ian",
  title = 	 "Higher-order Annotated Terms for Proof Search",
  note =	 "Also available as DAI Research Paper 799",
  crossref =    {hol96},
  pages =        "399--414",
  abstract =     "A notion of _embedding_ appropriate to higher-order 
     syntax is described. This provides a representation of annotated
     formulae in terms of the difference between pairs of formulae.  We
     define substitution and unification for such annotated terms.  Using
     this representation of annotated terms, the proof search guidance
     technique of _rippling_ can be extended to higher-order theorems.
     We illustrate this with two selected examples using our implementation of
     these ideas in lambda-Prolog."
}

@inproceedings(Richardson+98,
	author = {Richardson, J.D.C and Smaill, A. and Green, Ian},
	title = {System description: proof planning in higher-order logic with LambdaCLAM},
	crossref = {CADE15})

@proceedings{CADE15,
	booktitle = CADE15,
	title = CADE15,
	editor = {Kirchner, Claude and Kirchner, H\'e;\`ene},
	year = 1998,
	month = {July},
        series = {Lecture Notes in Artificial Intelligence},
        volume = {1421},
        address = {Lindau, Germany}}
@PROCEEDINGS{hol96,
        editor          = {von Wright, Joakim and Grundy, Jim and Harrison, John},
        booktitle       = "Theorem Proving in Higher Order Logics:
                           9th International Conference, TPHOLs'96",
        title       = "Theorem Proving in Higher Order Logics:
                           9th International Conference, TPHOLs'96",
        series          = LNCS,
        volume          = 1275,
        address         = {Turku, Finland},
        date            = "August 1996",
        year            = 1996,
        publisher       = "Springer-Verlag"}		  
